%YAML 1.1
%TAG !u! tag:unity3d.com,2011:
--- !u!244 &-4662268024640805084
AudioMixerEffectController:
  m_ObjectHideFlags: 3
  m_CorrespondingSourceObject: {fileID: 0}
  m_PrefabInstance: {fileID: 0}
  m_PrefabAsset: {fileID: 0}
  m_Name: 
  m_EffectID: c2053c07b5645e548bc2d03d054cf1e3
  m_EffectName: Attenuation
  m_MixLevel: 7d8cc7a819f53fa4196c75c8337dea0a
  m_Parameters: []
  m_SendTarget: {fileID: 0}
  m_EnableWetMix: 0
  m_Bypass: 0
--- !u!244 &-1458628620926372106
AudioMixerEffectController:
  m_ObjectHideFlags: 3
  m_CorrespondingSourceObject: {fileID: 0}
  m_PrefabInstance: {fileID: 0}
  m_PrefabAsset: {fileID: 0}
  m_Name: 
  m_EffectID: f218c8ba93e1ae440b58237b3e79cb02
  m_EffectName: Attenuation
  m_MixLevel: d23458fb1bbf6a840ac311fb13465881
  m_Parameters: []
  m_SendTarget: {fileID: 0}
  m_EnableWetMix: 0
  m_Bypass: 0
--- !u!243 &-61064064921522083
AudioMixerGroupController:
  m_ObjectHideFlags: 0
  m_CorrespondingSourceObject: {fileID: 0}
  m_PrefabInstance: {fileID: 0}
  m_PrefabAsset: {fileID: 0}
  m_Name: UI
  m_AudioMixer: {fileID: 24100000}
  m_GroupID: fc7e7c22ec0630b4b852ce86e0b34735
  m_Children: []
  m_Volume: 21abd034eaaafde42b9845353791f92c
  m_Pitch: 85c00e8b88e9b7949b2d5af0187bfa39
  m_Send: 00000000000000000000000000000000
  m_Effects:
  - {fileID: -4662268024640805084}
  m_UserColorIndex: 0
  m_Mute: 0
  m_Solo: 0
  m_BypassEffects: 0
--- !u!241 &24100000
AudioMixerController:
  m_ObjectHideFlags: 0
  m_CorrespondingSourceObject: {fileID: 0}
  m_PrefabInstance: {fileID: 0}
  m_PrefabAsset: {fileID: 0}
  m_Name: AudioMixer
  m_OutputGroup: {fileID: 0}
  m_MasterGroup: {fileID: 24300002}
  m_Snapshots:
  - {fileID: 24500006}
  m_StartSnapshot: {fileID: 24500006}
  m_SuspendThreshold: -80
  m_EnableSuspend: 1
  m_UpdateMode: 0
  m_ExposedParameters:
  - guid: ed80145a30f1efb419ab8508a8cae9b3
    name: masterVolume
  m_AudioMixerGroupViews:
  - guids:
    - a316691c9a7cb5c409013344a40aa3fe
    - 29a1b204b6fc7544b8ecde7e5792a37b
    - 05538fd637cc9294c805e6e36ed9a5c9
    - fc7e7c22ec0630b4b852ce86e0b34735
    name: View
  m_CurrentViewIndex: 0
  m_TargetSnapshot: {fileID: 24500006}
--- !u!243 &24300002
AudioMixerGroupController:
  m_ObjectHideFlags: 0
  m_CorrespondingSourceObject: {fileID: 0}
  m_PrefabInstance: {fileID: 0}
  m_PrefabAsset: {fileID: 0}
  m_Name: Master
  m_AudioMixer: {fileID: 24100000}
  m_GroupID: a316691c9a7cb5c409013344a40aa3fe
  m_Children:
  - {fileID: 6955908863790940384}
  - {fileID: 3229828164212545605}
  - {fileID: -61064064921522083}
  m_Volume: ed80145a30f1efb419ab8508a8cae9b3
  m_Pitch: ef2c22f5ade6cef4ea60610e8e206a38
  m_Send: 00000000000000000000000000000000
  m_Effects:
  - {fileID: 24400004}
  m_UserColorIndex: 0
  m_Mute: 0
  m_Solo: 0
  m_BypassEffects: 0
--- !u!244 &24400004
AudioMixerEffectController:
  m_ObjectHideFlags: 3
  m_CorrespondingSourceObject: {fileID: 0}
  m_PrefabInstance: {fileID: 0}
  m_PrefabAsset: {fileID: 0}
  m_Name: 
  m_EffectID: 593a7d62ad532a04799b5844e25ce11f
  m_EffectName: Attenuation
  m_MixLevel: 2b84e1285c297f645b3e05de56b066e8
  m_Parameters: []
  m_SendTarget: {fileID: 0}
  m_EnableWetMix: 0
  m_Bypass: 0
--- !u!245 &24500006
AudioMixerSnapshotController:
  m_ObjectHideFlags: 0
  m_CorrespondingSourceObject: {fileID: 0}
  m_PrefabInstance: {fileID: 0}
  m_PrefabAsset: {fileID: 0}
  m_Name: Snapshot
  m_AudioMixer: {fileID: 24100000}
  m_SnapshotID: 455631e6b7902804e979b0dc18eebf83
  m_FloatValues: {}
  m_TransitionOverrides: {}
--- !u!244 &2026116145520228259
AudioMixerEffectController:
  m_ObjectHideFlags: 3
  m_CorrespondingSourceObject: {fileID: 0}
  m_PrefabInstance: {fileID: 0}
  m_PrefabAsset: {fileID: 0}
  m_Name: 
  m_EffectID: 47bac50c6312edc45b81d1918b81651e
  m_EffectName: Attenuation
  m_MixLevel: 6699e015f1583b54b8b768df35bc80e3
  m_Parameters: []
  m_SendTarget: {fileID: 0}
  m_EnableWetMix: 0
  m_Bypass: 0
--- !u!243 &3229828164212545605
AudioMixerGroupController:
  m_ObjectHideFlags: 0
  m_CorrespondingSourceObject: {fileID: 0}
  m_PrefabInstance: {fileID: 0}
  m_PrefabAsset: {fileID: 0}
  m_Name: ProjectileImpact
  m_AudioMixer: {fileID: 24100000}
  m_GroupID: 05538fd637cc9294c805e6e36ed9a5c9
  m_Children: []
  m_Volume: 2fdad9a97e97ca040b044d20f9de54c8
  m_Pitch: 0d4f026dd27d75643bf4c16745008430
  m_Send: 00000000000000000000000000000000
  m_Effects:
  - {fileID: -1458628620926372106}
  m_UserColorIndex: 0
  m_Mute: 0
  m_Solo: 0
  m_BypassEffects: 0
--- !u!243 &6955908863790940384
AudioMixerGroupController:
  m_ObjectHideFlags: 0
  m_CorrespondingSourceObject: {fileID: 0}
  m_PrefabInstance: {fileID: 0}
  m_PrefabAsset: {fileID: 0}
  m_Name: PlayerShot
  m_AudioMixer: {fileID: 24100000}
  m_GroupID: 29a1b204b6fc7544b8ecde7e5792a37b
  m_Children: []
  m_Volume: 8d3fa79b55844a6419585a7208e651d1
  m_Pitch: 04eb96d2d413a7d498ae1eb357855e20
  m_Send: 00000000000000000000000000000000
  m_Effects:
  - {fileID: 2026116145520228259}
  m_UserColorIndex: 0
  m_Mute: 0
  m_Solo: 0
  m_BypassEffects: 0
